@inproceedings{Chen1995,
  doi = {10.1145/218380.218395},
  year = {1995},
  publisher = {{ACM} Press},
  author = {Shenchang Eric Chen},
  title = {{QuickTime} {VR}},
  editor = {Susan G. Mair and Robert Cook},
  booktitle = {Proceedings of the 22nd annual conference on computer graphics and interactive techniques ({SIGGRAPH} '95)},
}

@inproceedings{Gede2015,
  author = {M\'{a}ty\'{a}s Gede and Zsuzsanna Ungv\'{a}ri and Klaudia Kiss and G\'{a}bor Nagy},
  title = {Open-source web-based viewer application for {TLS} surveys in caves},
  booktitle = "Proceedings of the 1st {ICA} {European} Symposium on Cartography ({EuroCarto} 2015)",
  year = {2015},
  editor = {Georg Gartner and Haosheng Huang},
  pages = {321--328},
  url = {https://cartography.tuwien.ac.at/eurocarto/wp-content/uploads/2015/10/6-7.pdf},
  urldate = {2019-07-14},
  isbn = {9781907075032},
}

@article{Srinivasan2018,
  doi = {10.23925/1980-7651.2018v21;p71-83},
  year = {2018},
  month = jun,
  publisher = {Portal de Revistas {PUC} {SP}},
  volume = {21},
  pages = {71},
  author = {Venkat Srinivasan and T.B. Dinesh and Bhanu Prakash and A. Shalini},
  title = {Thirteen ways of looking at institutional history: a model for digital exhibitions from science archives},
  journal = {Circumscribere: International Journal for the History of Science},
}

@article{Herault2018,
  doi = {10.1186/s40561-018-0074-x},
  year = {2018},
  month = oct,
  publisher = {Springer Nature},
  volume = {5},
  number = {1},
  author = {Romain Christian Herault and Alisa Lincke and Marcelo Milrad and Elin-Sofie Forsg\"{a}rde and Carina Elmqvist},
  title = {Using 360-degrees interactive videos in patient trauma treatment education: design, development and evaluation aspects},
  journal = {Smart Learning Environments},
}

@incollection{Mohr2018,
  doi = {10.1007/978-3-030-04028-4_71},
  year = {2018},
  publisher = {Springer International Publishing},
  pages = {613--620},
  author = {Fabian Mohr and Soenke Zehle and Michael Schmitz},
  editor = {Rebecca Rouse and Hartmut Koenitz and Mads Haahr},
  title = {From Co-Curation to Co-Creation: Users as Collective Authors of Archive-Based Cultural Heritage Narratives},
  booktitle = {Interactive Storytelling},
}

@inproceedings{Albrizio2013,
  author = {Patrizia Albrizio and Francesco de Virgilio and Ginevra Panzarino and Enrica Zambetta},
  title = {WebGIS e divulgazione del dato archeologico con software open source. Il progetto ``Siponto Aperta''},
  booktitle = {Proceedings of {ArcheoFOSS}: free, libre and open source software e open format nei processi di ricerca archeologica},
  year = {2013},
  editor = {Filippo Stanco and Giovanni Gallo},
  pages = {101--114},
  edition = {8th},
  url = {https://www.archaeopress.com/ArchaeopressShop/Public/download.asp?id=%7B14C6CFBD-3371-4DF0-8971-D4ABC24E661E%7D},
  urldate = {2019-07-14},
  isbn = {9781784912598},
}

@online{ESO2017,
  author = {{European Southern Observatory}},
  title = {A panorama view of the {VLT}},
  year = {2017},
  month = sep,
  url = {https://www.eso.org/public/images/165309674464e758889a6_eq-ext/},
  urldate = {2019-07-14},
}

@techreport{WebGL,
  author = {Dean Jackson},
  title = {{WebGL} Specification},
  month = oct,
  url = {https://www.khronos.org/registry/webgl/specs/1.0.3/},
  urldate = {2019-07-14},
  year = {2014},
  type = {Khronos Specification},
  institution = {Khronos Group},
}

@techreport{Canvas,
  author = {Rik Cabanier and Jatinder Mann and Jay Munro and Tom Wiltzius and Ian Hickson},
  title = {{HTML} Canvas {2D} Context},
  month = nov,
  url = {https://www.w3.org/TR/2015/REC-2dcontext-20151119/},
  urldate = {2019-07-14},
  year = {2015},
  type = {{W3C} Recommendation},
  institution = {World Wide Web Consortium ({W3C})},
}

@online{OSM2018,
  author = {{OpenStreetMap}},
  title = {{Bing} {Streetside} imagery now available in {OpenStreetMap} {iD} editor},
  year = {2018},
  month = jul,
  url = {https://blog.openstreetmap.org/2018/07/03/bing-streetside-in-id/},
  urldate = {2019-08-06},
}
